<record><leader>00000cas a2200000 a 4500</leader><controlfield tag="001">9736780</controlfield><controlfield tag="008">830725d18181823vtuwr ne      0    0eng c</controlfield><datafield ind1=" " ind2=" " tag="010"><subfield code="a">sn 83025676 </subfield></datafield><datafield ind1=" " ind2=" " tag="040"><subfield code="a">NPV</subfield><subfield code="b">eng</subfield><subfield code="c">NPV</subfield><subfield code="d">NPX</subfield><subfield code="d">DLC</subfield><subfield code="d">NVF</subfield><subfield code="d">MGN</subfield><subfield code="d">NVN</subfield><subfield code="d">OCL</subfield><subfield code="d">OCLCG</subfield><subfield code="d">OCLCQ</subfield><subfield code="d">OCLCF</subfield><subfield code="d">OCLCO</subfield><subfield code="d">CUS</subfield></datafield><datafield ind1=" " ind2=" " tag="042"><subfield code="a">pcc</subfield></datafield><datafield ind1=" " ind2=" " tag="043"><subfield code="a">n-us-vt</subfield></datafield><datafield ind1="0" ind2="0" tag="050"><subfield code="a">Newspaper 9952-X</subfield></datafield><datafield ind1="1" ind2="4" tag="050"><subfield code="a">AN</subfield></datafield><datafield ind1=" " ind2=" " tag="052"><subfield code="a">3753</subfield><subfield code="b">W5</subfield></datafield><datafield ind1="0" ind2=" " tag="130"><subfield code="a">Vermont journal (Windsor, Vt. : 1818)</subfield></datafield><datafield ind1="1" ind2="0" tag="245"><subfield code="a">Vermont journal.</subfield></datafield><datafield ind1=" " ind2=" " tag="260"><subfield code="a">Windsor, Vt. :</subfield><subfield code="b">W. Spooner</subfield></datafield><datafield ind1=" " ind2=" " tag="300"><subfield code="a">v. ;</subfield><subfield code="c">50 cm.</subfield></datafield><datafield ind1=" " ind2=" " tag="310"><subfield code="a">Weekly</subfield></datafield><datafield ind1="1" ind2=" " tag="362"><subfield code="a">Began Aug. 10, 1818; ceased Feb. 10, 1823?</subfield></datafield><datafield ind1=" " ind2=" " tag="588"><subfield code="a">Description based on: Vol. 36, no. 1831 (Sept. 7, 1818).</subfield></datafield><datafield ind1=" " ind2="0" tag="651"><subfield code="a">Windsor (Vt.)</subfield><subfield code="v">Newspapers.</subfield></datafield><datafield ind1=" " ind2="7" tag="651"><subfield code="a">Vermont</subfield><subfield code="z">Windsor.</subfield><subfield code="2">fast</subfield><subfield code="0">(OCoLC)fst01214456</subfield></datafield><datafield ind1=" " ind2="7" tag="655"><subfield code="a">Newspapers.</subfield><subfield code="2">fast</subfield><subfield code="0">(OCoLC)fst01423814</subfield></datafield><datafield ind1="1" ind2=" " tag="700"><subfield code="a">Spooner, Wyman,</subfield><subfield code="d">1795-1877.</subfield></datafield><datafield ind1=" " ind2=" " tag="752"><subfield code="a">United States</subfield><subfield code="b">Vermont</subfield><subfield code="c">Windsor</subfield><subfield code="d">Windsor.</subfield></datafield><datafield ind1="0" ind2="0" tag="780"><subfield code="t">Spooner's Vermont journal (Windsor, Vt. : 1792)</subfield><subfield code="w">(DLC)sn 83025673</subfield><subfield code="w">(OCoLC)9736512</subfield></datafield><datafield ind1="0" ind2="0" tag="785"><subfield code="t">Spooner's Vermont journal (Windsor, Vt. : 1823)</subfield><subfield code="w">(DLC)sn 86071713</subfield><subfield code="w">(OCoLC)13881613</subfield></datafield><datafield ind1="4" ind2="1" tag="856"><subfield code="3">08/10/1818 to 12/27/1819</subfield><subfield code="u">http://infoweb.newsbank.com/?db=EANX&amp;s_browseRef=decades/1101187175DBBC28/all.xml</subfield></datafield><datafield ind1="1" ind2=" " tag="029"><subfield code="a">AU@</subfield><subfield code="b">000020124987</subfield></datafield></record>